<?xml version="1.0" encoding="UTF-8"?>
<record xmlns="http://www.loc.gov/MARC21/slim">
   <leader>01153cam a22002651a 4500</leader>
   <controlfield tag="001">2957680</controlfield>
   <controlfield tag="003">NjP</controlfield>
   <controlfield tag="005">20171109165454.0</controlfield>
   <controlfield tag="008">960710m19609999su       b    000 0 ara  </controlfield>
   <datafield tag="024" ind1="7" ind2=" ">
      <subfield code="a">princeton_aco004250</subfield>
      <subfield code="2">local</subfield>
   </datafield>
   <datafield ind1=" " ind2=" " tag="010">
      <subfield code="a">   65001830 </subfield>
   </datafield>
   <datafield ind1=" " ind2=" " tag="035">
      <subfield code="a">(CStRLIN)MAHGBHN76293-B</subfield>
   </datafield>
   <datafield ind1=" " ind2=" " tag="035">
      <subfield code="a">(MH)MHBHN76293HU</subfield>
   </datafield>
   <datafield ind1=" " ind2=" " tag="035">
      <subfield code="9">CPK0081TS</subfield>
   </datafield>
   <datafield ind1=" " ind2=" " tag="040">
      <subfield code="a">DLC</subfield>
      <subfield code="c">DLC</subfield>
      <subfield code="d">MH</subfield>
      <subfield code="d">CStRLIN</subfield>
      <subfield code="d">NjP</subfield>
   </datafield>
   <datafield ind1="2" ind2=" " tag="100">
      <subfield code="a">Āl ʻAbd al-Qādir, Muḥammad ibn ʻAbd Allāh.</subfield>
   </datafield>
   <datafield ind1="1" ind2="0" tag="245">
      <subfield code="a">Tuḥfat al-mustafīd bi-tārīkh al-Aḥsāʾ fī al-qadīm wa-al-jadīd /</subfield>
      <subfield code="c">taʾlīf Muḥammad ibn ʻAbd Allāh ibn ʻAbd al-Muḥsin Āl ʻAbd al-Qādir al-Anṣārī al-Aḥsāʾī ; ashrafa ʻalá ṭabʻah wa-ʻallaqa ʻalayhi baʻḍa al-ḥawāshī Ḥamd al-Jāsir.</subfield>
   </datafield>
   <datafield ind1="1" ind2="4" tag="246">
      <subfield code="a">Tārīkh al-Aḥsāʾ</subfield>
   </datafield>
   <datafield ind1=" " ind2=" " tag="250">
      <subfield code="a">al-Ṭabʻah 1.</subfield>
   </datafield>
   <datafield ind1=" " ind2=" " tag="260">
      <subfield code="a">[Riyadh] :</subfield>
      <subfield code="b">Maṭābiʻ al-Riyāḍ,</subfield>
      <subfield code="c">1960-</subfield>
   </datafield>
   <datafield ind1=" " ind2=" " tag="300">
      <subfield code="a">v. ;</subfield>
      <subfield code="c">27 cm.</subfield>
   </datafield>
   <datafield ind1=" " ind2=" " tag="504">
      <subfield code="a">Includes bibliographical references.</subfield>
   </datafield>
   <datafield ind1=" " ind2="0" tag="651">
      <subfield code="a">Hasa Oasis (Saudi Arabia)</subfield>
      <subfield code="0">http://id.loc.gov/authorities/subjects/sh87001563</subfield>
   </datafield>
   <datafield ind1=" " ind2=" " tag="948">
      <subfield code="a">jab/con</subfield>
   </datafield>
   <datafield ind1=" " ind2=" " tag="911">
      <subfield code="a">20000407</subfield>
   </datafield>
   <datafield ind1=" " ind2=" " tag="912">
      <subfield code="a">20000407042435.0</subfield>
   </datafield>
   <datafield ind1="8" ind2="1" tag="852">
      <subfield code="0">3272528</subfield>
      <subfield code="b">rcppa</subfield>
      <subfield code="h">2262.23614.389</subfield>
      <subfield code="x">tr fr f</subfield>
   </datafield>
   <datafield ind1=" " ind2="0" tag="866">
      <subfield code="0">3272528</subfield>
      <subfield code="a">v. 1-v. 2.</subfield>
   </datafield>
   <datafield ind1=" " ind2=" " tag="959">
      <subfield code="a">2010-12-22 09:19:13 -0500</subfield>
   </datafield>
</record>
